<record><leader>00000cas a22000007a 4500</leader><controlfield tag="001">15148372</controlfield><controlfield tag="008">870204d1945194uscusr ne      0    0ger d</controlfield><datafield ind1=" " ind2=" " tag="010"><subfield code="a">sn 87078453 </subfield></datafield><datafield ind1=" " ind2=" " tag="040"><subfield code="a">NPH</subfield><subfield code="b">eng</subfield><subfield code="c">NPH</subfield><subfield code="d">YOX</subfield><subfield code="d">OCLCQ</subfield><subfield code="d">OCLCO</subfield></datafield><datafield ind1="1" ind2=" " tag="029"><subfield code="a">AU@</subfield><subfield code="b">000025807987</subfield></datafield><datafield ind1="0" ind2=" " tag="041"><subfield code="a">gereng</subfield></datafield><datafield ind1=" " ind2=" " tag="042"><subfield code="a">msc</subfield></datafield><datafield ind1=" " ind2=" " tag="043"><subfield code="a">n-us---</subfield><subfield code="a">e-gx---</subfield><subfield code="a">n-us-sc</subfield></datafield><datafield ind1="0" ind2=" " tag="130"><subfield code="a">Bru&#776;cke (Camp Croft, S.C.)</subfield></datafield><datafield ind1="1" ind2="4" tag="245"><subfield code="a">Die Bru&#776;cke.</subfield></datafield><datafield ind1=" " ind2=" " tag="260"><subfield code="a">Camp Croft, S.C. :</subfield><subfield code="b">Franz Friese,</subfield><subfield code="c">1945-</subfield></datafield><datafield ind1=" " ind2=" " tag="300"><subfield code="a">v. :</subfield><subfield code="b">ill.</subfield></datafield><datafield ind1=" " ind2=" " tag="310"><subfield code="a">Semimonthly</subfield></datafield><datafield ind1="0" ind2=" " tag="362"><subfield code="a">Nr. 16 (15. Nov. 1945)-</subfield></datafield><datafield ind1=" " ind2=" " tag="546"><subfield code="a">In German with occasional articles in English.</subfield></datafield><datafield ind1=" " ind2="0" tag="650"><subfield code="a">Germans</subfield><subfield code="z">United States</subfield><subfield code="v">Newspapers.</subfield></datafield><datafield ind1=" " ind2="0" tag="650"><subfield code="a">Prisoners of war</subfield><subfield code="z">Germany</subfield><subfield code="v">Newspapers.</subfield></datafield><datafield ind1=" " ind2="0" tag="650"><subfield code="a">Prisoners of war</subfield><subfield code="z">United States</subfield><subfield code="v">Newspapers.</subfield></datafield><datafield ind1=" " ind2="0" tag="650"><subfield code="a">World War, 1939-1945</subfield><subfield code="x">Prisoners and prisons, American</subfield><subfield code="v">Newspapers.</subfield></datafield><datafield ind1=" " ind2="0" tag="651"><subfield code="a">Camp Croft (S.C.)</subfield><subfield code="v">Newspapers.</subfield></datafield><datafield ind1=" " ind2=" " tag="752"><subfield code="a">United States</subfield><subfield code="b">South Carolina</subfield><subfield code="d">Camp Croft.</subfield></datafield><datafield ind1="0" ind2="0" tag="780"><subfield code="t">Insel (Camp Croft, S.C.)</subfield><subfield code="w">(DLC)sn 87078436</subfield><subfield code="w">(OCoLC)15148350</subfield></datafield></record>